#
# Stats, packages, and questionnaires
#


@incollection{Gertken:2014wj,
author = {Gertken, Libby M and Amengual, Mark and Birdsong, David},
title = {{Assessing Language Dominance with the Bilingual Language Profile}},
year = {2014},
editor = {Leclercq, P and Edmonds, A and Hilton, H},
pages = {208--225},
publisher = {Bristol: Multilingual Matters},
month = {aug}
}


@Manual{lingStuff,
  title = {lingStuff: Tools and Gems for Linguistics Related Research},
  author = {Joseph Vincent Casillas},
  note = {R package version 0.1.1},
  url = {https://github.com/jvcasill/lingStuff},
  year = {2018}
}


@ARTICLE{winter2016,
  author = {Bodo Winter and M Wieling},
  title = {How to analyze linguistic change using mixed models, Growth Curve Analysis and Generalized Additive Modeling},
  journal = {Journal of Language Evolution},
  year = {2016},
  issue = {1},
  number = {1},
  pages = {7-18}
}


@BOOK{wood2006,
  author = {S Wood},
  title = {Generalized additive models: an introduction with R},
  publisher = {Boca Raton: CRC Press},
  year = {2006},
  edition = {2nd}
}


@article{soskuthy2017generalised,
  title={Generalised additive mixed models for dynamic analysis in linguistics: a practical introduction},
  author={S{\'o}skuthy, M{\'a}rton},
  journal={arXiv preprint arXiv:1703.05339},
  year={2017}
}


@Article{R_mgcv_c,
  title = {Stable and efficient multiple smoothing parameter estimation for
         generalized additive models},
  journal = {Journal of the American Statistical Association},
  volume = {99},
  number = {467},
  pages = {673-686},
  year = {2004},
  author = {Wood, S.},
}


@ARTICLE{eager_etal_2016_preprint,
author = {{Kimball}, A. and {Shantz}, K. and {Eager}, C. and {Roy}, J.},
title = {Beyond Maximal Random Effects for Logistic Regression: Moving Past Convergence Problems},
journal = {ArXiv e-prints},
eprint = {1611.00083},
year = {2016},
adsurl = {http://adsabs.harvard.edu/abs/2016arXiv161100083K}
}


@article{kruschke2018bayesian,
title={The Bayesian New Statistics: Hypothesis testing, estimation, meta-analysis, and power analysis from a Bayesian perspective},
author={Kruschke, John K and Liddell, Torrin M},
journal={Psychonomic Bulletin \& Review},
volume={25},
number={1},
pages={178--206},
year={2018},
publisher={Springer}
}


@article{vasishth2016statistical,
  title={Statistical methods for linguistic research: Foundational ideas--Part I},
  author={Vasishth, Shravan and Nicenboim, Bruno},
  journal={Language and Linguistics Compass},
  volume={10},
  number={8},
  pages={349--369},
  year={2016},
  publisher={Wiley Online Library}
}


@article{nicenboim2016statistical,
  title={Statistical methods for linguistic research: Foundational Ideas--Part II},
  author={Nicenboim, Bruno and Vasishth, Shravan},
  journal={Language and Linguistics Compass},
  volume={10},
  number={11},
  pages={591--613},
  year={2016},
  publisher={Wiley Online Library}
}


@article{sorensen2015bayesian,
  title={Bayesian linear mixed models using Stan: A tutorial for psychologists, linguists, and cognitive scientists},
  author={Sorensen, Tanner and Vasishth, Shravan},
  journal={arXiv preprint arXiv:1506.06201},
  year={2015}
}


@article{van2014bayesian,
  title={Bayesian analyses: Where to start and what to report},
  author={van de Schoot, Rens and Depaoli, Sarah},
  journal={European Health Psychologist},
  volume={16},
  number={2},
  pages={75--84},
  year={2014}
}


@article{vasishth2018bayesian,
  title={Bayesian data analysis in the phonetic sciences: A tutorial introduction},
  author={Vasishth, Shravan and Nicenboim, Bruno and Beckman, Mary E and Li, Fangfang and Kong, Eun Jong},
  journal={Journal of phonetics},
  volume={71},
  pages={147--161},
  year={2018},
  publisher={Elsevier}
}

@article{Gelman_2017,
title={The Prior Can Often Only Be Understood in the Context of the Likelihood},
volume={19},
ISSN={1099-4300},
url={http://dx.doi.org/10.3390/e19100555},
DOI={10.3390/e19100555},
number={10},
journal={Entropy},
publisher={MDPI AG},
author={Gelman, Andrew and Simpson, Daniel and Betancourt, Michael},
year={2017},
month={Oct},
pages={1-13}
}


@book{mirman2017growth,
title={Growth Curve Analysis and Visualization Using R},
author={Mirman, Daniel},
year={2016},
publisher={CRC Press}
}


@article{cumming2014new,
  title={The new statistics: Why and how},
  author={Cumming, Geoff},
  journal={Psychological science},
  volume={25},
  number={1},
  pages={7--29},
  year={2014},
  publisher={Sage Publications Sage CA: Los Angeles, CA}
}


@article{norouzian2018bayesian,
  title={The Bayesian revolution in second language research: An applied approach},
  author={Norouzian, Reza and de Miranda, Michael and Plonsky, Luke},
  journal={Language Learning},
  volume={68},
  number={4},
  pages={1032--1075},
  year={2018}
}


@article{bergmann2018promoting,
  title={Promoting replicability in developmental research through meta-analyses: {I}nsights from language acquisition research},
  author={Bergmann, Christina and Tsuji, Sho and Piccinini, Page E and Lewis, Molly L and Braginsky, Mika and Frank, Michael C and Cristia, Alejandrina},
  journal={Child development},
  volume={89},
  number={6},
  pages={1996--2009},
  year={2018}
}


@article{roettger2019emergent,
  title={Emergent data analysis in phonetic sciences: {T}owards pluralism and reproducibility},
  author={Roettger, Timo B and Winter, Bodo and Baayen, Harald},
  journal={Journal of Phonetics},
  volume={73},
  pages={1--7},
  year={2019}
}


@article{kruschke2018rejecting,
  title={Rejecting or accepting parameter values in Bayesian estimation},
  author={Kruschke, John K},
  journal={Advances in Methods and Practices in Psychological Science},
  volume={1},
  number={2},
  pages={270--280},
  year={2018},
  publisher={SAGE Publications Sage CA: Los Angeles, CA}
}


@book{cohen2013statistical,
  title={Statistical power analysis for the behavioral sciences},
  author={Cohen, Jacob},
  year={2013},
  publisher={Routledge}
}


@book{cohen1988statistical,
  title={Statistical power analysis for the behavioral sciences},
  author={Cohen, Jacob},
  year={1988},
  publisher={Hillsdale, NJ: Erlbaum}
}

@misc{praat,
  Author = {Boersma, Paul and Weenink, David},
  Title = {Praat: doing phonetics by computer [computer program]},
  Url = {http://www.praat.org/},
  Year = {2022}
  }
