@Manual{R-base,
  title = {R: A Language and Environment for Statistical Computing},
  author = {{R Core Team}},
  organization = {R Foundation for Statistical Computing},
  address = {Vienna, Austria},
  year = {2019},
  url = {https://www.R-project.org/},
}
@Manual{R-papaja,
  author = {Frederik Aust and Marius Barth},
  title = {{papaja}: {Create} {APA} manuscripts with {R Markdown}},
  year = {2018},
  note = {R package version 0.1.0.9842},
  url = {https://github.com/crsh/papaja},
}
@Manual{R-AICcmodavg,
  title = {AICcmodavg: Model selection and multimodel inference based on (Q)AIC(c)},
  author = {Marc J. Mazerolle},
  year = {2019},
  note = {R package version 2.2-1},
  url = {https://cran.r-project.org/package=AICcmodavg},
}
@Manual{R-broom,
  title = {broom: Convert Statistical Analysis Objects into Tidy Tibbles},
  author = {David Robinson and Alex Hayes},
  year = {2019},
  note = {R package version 0.5.2},
  url = {https://CRAN.R-project.org/package=broom},
}
@Manual{R-dplyr,
  title = {dplyr: A Grammar of Data Manipulation},
  author = {Hadley Wickham and Romain François and Lionel Henry and Kirill Müller},
  year = {2019},
  note = {R package version 0.8.0.1},
  url = {https://CRAN.R-project.org/package=dplyr},
}
@Manual{R-forcats,
  title = {forcats: Tools for Working with Categorical Variables (Factors)},
  author = {Hadley Wickham},
  year = {2019},
  note = {R package version 0.4.0},
  url = {https://CRAN.R-project.org/package=forcats},
}
@Manual{R-foreign,
  title = {foreign: Read Data Stored by 'Minitab', 'S', 'SAS', 'SPSS', 'Stata',
'Systat', 'Weka', 'dBase', ...},
  author = {{R Core Team}},
  year = {2018},
  note = {R package version 0.8-71},
  url = {https://CRAN.R-project.org/package=foreign},
}
@Manual{R-gazer,
  title = {gazer: Tools for Processing Eye Tracking Data},
  author = {Dan Mirman and Tristan Mahr and Matt Winn and Jason Geller},
  year = {2018},
  note = {R package version 0.1},
  url = {http://github.com/dmirman/gazer},
}
@Book{R-ggplot2,
  author = {Hadley Wickham},
  title = {ggplot2: Elegant Graphics for Data Analysis},
  publisher = {Springer-Verlag New York},
  year = {2016},
  isbn = {978-3-319-24277-4},
  url = {https://ggplot2.tidyverse.org},
}
@Manual{R-here,
  title = {here: A Simpler Way to Find Your Files},
  author = {Kirill Müller},
  year = {2017},
  note = {R package version 0.1},
  url = {https://CRAN.R-project.org/package=here},
}
@Article{R-lme4,
  title = {Fitting Linear Mixed-Effects Models Using {lme4}},
  author = {Douglas Bates and Martin M{\"a}chler and Ben Bolker and Steve Walker},
  journal = {Journal of Statistical Software},
  year = {2015},
  volume = {67},
  number = {1},
  pages = {1--48},
  doi = {10.18637/jss.v067.i01},
}
@Manual{R-magrittr,
  title = {magrittr: A Forward-Pipe Operator for R},
  author = {Stefan Milton Bache and Hadley Wickham},
  year = {2014},
  note = {R package version 1.5},
  url = {https://CRAN.R-project.org/package=magrittr},
}
@Manual{R-Matrix,
  title = {Matrix: Sparse and Dense Matrix Classes and Methods},
  author = {Douglas Bates and Martin Maechler},
  year = {2019},
  note = {R package version 1.2-17},
  url = {https://CRAN.R-project.org/package=Matrix},
}
@Manual{R-patchwork,
  title = {patchwork: The Composer of ggplots},
  author = {Thomas Lin Pedersen},
  year = {2017},
  note = {R package version 0.0.1},
  url = {https://github.com/thomasp85/patchwork},
}
@Manual{R-polypoly,
  title = {polypoly: Helper Functions for Orthogonal Polynomials},
  author = {Tristan Mahr},
  year = {2017},
  note = {R package version 0.0.2},
  url = {https://CRAN.R-project.org/package=polypoly},
}
@Manual{R-purrr,
  title = {purrr: Functional Programming Tools},
  author = {Lionel Henry and Hadley Wickham},
  year = {2019},
  note = {R package version 0.3.2},
  url = {https://CRAN.R-project.org/package=purrr},
}
@Manual{R-readr,
  title = {readr: Read Rectangular Text Data},
  author = {Hadley Wickham and Jim Hester and Romain Francois},
  year = {2018},
  note = {R package version 1.3.1},
  url = {https://CRAN.R-project.org/package=readr},
}
@Manual{R-stringr,
  title = {stringr: Simple, Consistent Wrappers for Common String Operations},
  author = {Hadley Wickham},
  year = {2019},
  note = {R package version 1.4.0},
  url = {https://CRAN.R-project.org/package=stringr},
}
@Manual{R-tidyr,
  title = {tidyr: Easily Tidy Data with 'spread()' and 'gather()' Functions},
  author = {Hadley Wickham and Lionel Henry},
  year = {2019},
  note = {R package version 0.8.3},
  url = {https://CRAN.R-project.org/package=tidyr},
}
@Manual{R-officer,
  title = {officer: Manipulation of Microsoft Word and PowerPoint Documents},
  author = {David Gohel},
  year = {2019},
  note = {R package version 0.3.4},
  url = {https://CRAN.R-project.org/package=officer},
}
@Manual{R-flextable,
  title = {flextable: Functions for Tabular Reporting},
  author = {David Gohel},
  year = {2019},
  note = {R package version 0.5.4},
  url = {https://CRAN.R-project.org/package=flextable},
}
@Article{R-bayesplot,
  title = {Visualization in Bayesian workflow},
  author = {Jonah Gabry and Daniel Simpson and Aki Vehtari and Michael Betancourt and Andrew Gelman},
  year = {2019},
  journal = {J. R. Stat. Soc. A},
  volume = {182},
  issue = {2},
  pages = {389-402},
  doi = {10.1111/rssa.12378},
}
@Article{R-bayestestR,
  title = {Understand and Describe Bayesian Models and Posterior Distributions using bayestestR},
  author = {Dominique Makowski and Mattan S. Ben-Shachar and Daniel Lüdecke},
  journal = {CRAN},
  doi = {10.5281/zenodo.2556486},
  year = {2019},
  note = {R package},
  url = {https://github.com/easystats/bayestestR},
}
@Article{R-brms_a,
  title = {{brms}: An {R} Package for {Bayesian} Multilevel Models Using {Stan}},
  author = {Paul-Christian Bürkner},
  journal = {Journal of Statistical Software},
  year = {2017},
  volume = {80},
  number = {1},
  pages = {1--28},
  doi = {10.18637/jss.v080.i01},
  encoding = {UTF-8},
}
@Article{R-brms_b,
  title = {Advanced {Bayesian} Multilevel Modeling with the {R} Package {brms}},
  author = {Paul-Christian Bürkner},
  journal = {The R Journal},
  year = {2018},
  volume = {10},
  number = {1},
  pages = {395--411},
  doi = {10.32614/RJ-2018-017},
  encoding = {UTF-8},
}
@Manual{R-future,
  title = {future: Unified Parallel and Distributed Processing in R for Everyone},
  author = {Henrik Bengtsson},
  year = {2019},
  note = {R package version 1.14.0},
  url = {https://CRAN.R-project.org/package=future},
}
@Manual{R-ggbeeswarm,
  title = {ggbeeswarm: Categorical Scatter (Violin Point) Plots},
  author = {Erik Clarke and Scott Sherrill-Mix},
  year = {2017},
  note = {R package version 0.6.0},
  url = {https://CRAN.R-project.org/package=ggbeeswarm},
}
@Manual{R-ggstance,
  title = {ggstance: Horizontal 'ggplot2' Components},
  author = {Lionel Henry and Hadley Wickham and Winston Chang},
  year = {2019},
  note = {R package version 0.3.3},
  url = {https://CRAN.R-project.org/package=ggstance},
}
@Manual{R-glue,
  title = {glue: Interpreted String Literals},
  author = {Jim Hester},
  year = {2019},
  note = {R package version 1.3.1},
  url = {https://CRAN.R-project.org/package=glue},
}
@Manual{R-modelr,
  title = {modelr: Modelling Functions that Work with the Pipe},
  author = {Hadley Wickham},
  year = {2019},
  note = {R package version 0.1.5},
  url = {https://CRAN.R-project.org/package=modelr},
}
@Article{R-Rcpp_a,
  title = {{Rcpp}: Seamless {R} and {C++} Integration},
  author = {Dirk Eddelbuettel and Romain Fran\c{c}ois},
  journal = {Journal of Statistical Software},
  year = {2011},
  volume = {40},
  number = {8},
  pages = {1--18},
  url = {http://www.jstatsoft.org/v40/i08/},
  doi = {10.18637/jss.v040.i08},
}
@Article{R-Rcpp_b,
  title = {{Extending 	extit{R} with 	extit{C++}: A Brief Introduction to 	extit{Rcpp}}},
  author = {Dirk Eddelbuettel and James Joseph Balamuta},
  journal = {PeerJ Preprints},
  year = {2017},
  month = {aug},
  volume = {5},
  pages = {e3188v1},
  issn = {2167-9843},
  url = {https://doi.org/10.7287/peerj.preprints.3188v1},
  doi = {10.7287/peerj.preprints.3188v1},
}
@Manual{R-tidybayes,
  title = {{tidybayes}: Tidy Data and Geoms for {Bayesian} Models},
  author = {Matthew Kay},
  year = {2019},
  note = {R package version 1.1.0.9000},
  url = {http://mjskay.github.io/tidybayes/},
  doi = {10.5281/zenodo.1308151},
}
@Manual{R-academicWriteR,
  title = {academicWriteR: Helper Functions for Academic Writing and Organization},
  author = {Joseph Vincent Casillas},
  note = {R package version 0.4.0},
  url = {https://github.com/jvcasillas/academicWriteR},
}
@Manual{R-captioner,
  title = {captioner: Numbers Figures and Creates Simple Captions},
  author = {Letaw Alathea},
  year = {2015},
  note = {R package version 2.2.3},
  url = {https://CRAN.R-project.org/package=captioner},
}
@Manual{R-kableExtra,
  title = {kableExtra: Construct Complex Table with 'kable' and Pipe Syntax},
  author = {Hao Zhu},
  year = {2019},
  note = {R package version 1.1.0},
  url = {https://CRAN.R-project.org/package=kableExtra},
}
@Book{R-knitr,
  title = {Dynamic Documents with {R} and knitr},
  author = {Yihui Xie},
  publisher = {Chapman and Hall/CRC},
  address = {Boca Raton, Florida},
  year = {2015},
  edition = {2nd},
  note = {ISBN 978-1498716963},
  url = {https://yihui.name/knitr/},
}
