%% This BibTeX bibliography file was created using BibDesk.
%% http://bibdesk.sourceforge.net/


%% Created for Joseph Casillas at 2013-11-24 19:57:14 -0700 


%% Saved with string encoding Unicode (UTF-8) 

@article{beckman2011rate,
	Author = {{Beckman, J and Helgason, P and McMurray, B and Ringen, C}},
	Date-Added = {2013-12-10 22:12:21 +0000},
	Date-Modified = {2013-12-10 22:13:02 +0000},
	Journal = {{Journal of Phonetics}},
	Pages = {39--49},
	Title = {{Rate effects on Swedish VOT: Evidence for phonological overspecification}},
	Volume = {39},
	Year = {2011}}



@article{sundara2005acoustic,
	Author = {Sundara, Megha},
	Date-Added = {2013-11-18 01:52:48 +0000},
	Date-Modified = {2013-11-18 01:52:48 +0000},
	Journal = {The Journal of the Acoustical Society of America},
	Pages = {1026},
	Title = {Acoustic-phonetics of coronal stops: A cross-language study of {Canadian English} and {Canadian French}},
	Volume = {118},
	Year = {2005}}
